@article{splat,
title={3D Gaussian Splatting for Real-Time Radiance Field Rendering},
author={Bernhard Kerbl and Georgios Kopanas and Thomas Leimkuehler and George Drettakis},
journal={ACM Transactions on Graphics (TOG)},
year={2023},
volume={42},
pages={1 - 14},
url={https://api.semanticscholar.org/CorpusID:259267917}
}

@article{pcl,
title={3D is here: Point Cloud Library (PCL)},
author={Radu Bogdan Rusu and Steve B. Cousins},
journal={2011 IEEE International Conference on Robotics and Automation},
year={2011},
pages={1-4},
url={https://api.semanticscholar.org/CorpusID:206849822}
}

@inproceedings{potree,
title={Potree : Rendering Large Point Clouds in Web},
author={Diploma Thesis and Markus Schuetz and Claus Scheiblauer},
year={2016},
url={https://api.semanticscholar.org/CorpusID:31971528}
}

@inproceedings{earlyrendering,
title={Survey of image-based rendering techniques},
author={Sing Bing Kang},
booktitle={Electronic imaging},
year={1998},
url={https://api.semanticscholar.org/CorpusID:1079639}
}

@article{nerf,
title={NeRF},
author={Ben Mildenhall and Pratul P. Srinivasan and Matthew Tancik and Jonathan T. Barron and Ravi Ramamoorthi and Ren Ng},
journal={Communications of the ACM},
year={2020},
volume={65},
pages={99 - 106},
url={https://api.semanticscholar.org/CorpusID:213175590}
}

@article{nerfoverview,
title={NeRF: Neural Radiance Field in 3D Vision, A Comprehensive Review},
author={Kyle Gao and Yin Gao and Hongjie He and Denning Lu and Linlin Xu and Jonathan Li},
journal={ArXiv},
year={2022},
volume={abs/2210.00379},
url={https://api.semanticscholar.org/CorpusID:252683586}
}

@article{cilantro,
title={cilantro: A Lean, Versatile, and Efficient Library for Point Cloud Data Processing},
author={Konstantinos Zampogiannis and Cornelia Ferm{"u}ller and Yiannis Aloimonos},
journal={Proceedings of the 26th ACM international conference on Multimedia},
year={2018},
url={https://api.semanticscholar.org/CorpusID:49556051}
}

@article{divideandconquer,
title={Divide and conquer: A hierarchical approach to large-scale structure-from-motion},
author={Brojeshwar Bhowmick and Suvam Patra and Avishek Chatterjee and Venu Madhav Govindu and Subhashis Banerjee},
journal={Comput. Vis. Image Underst.},
year={2017},
volume={157},
pages={190-205},
url={https://api.semanticscholar.org/CorpusID:207061308}
}

@inproceedings{bungeenerf,
title={BungeeNeRF: Progressive Neural Radiance Field for Extreme Multi-scale Scene Rendering},
author={Yuanbo Xiangli and Linning Xu and Xingang Pan and Nanxuan Zhao and Anyi Rao and Christian Theobalt and Bo Dai and Dahua Lin},
booktitle={European Conference on Computer Vision},
year={2021},
url={https://api.semanticscholar.org/CorpusID:251040899}
}

@article{spectral,
title={Spectral partitioning for structure from motion},
author={Drew Steedly and Irfan Essa and Frank Dellaert},
journal={Proceedings Ninth IEEE International Conference on Computer Vision},
year={2003},
pages={996-1003 vol.2},
url={https://api.semanticscholar.org/CorpusID:2543530}
}

@article{hiercluster,
title={Structure-and-motion pipeline on a hierarchical cluster tree},
author={Michela Farenzena and Andrea Fusiello and Riccardo Gherardi},
journal={2009 IEEE 12th International Conference on Computer Vision Workshops, ICCV Workshops},
year={2009},
pages={1489-1496},
url={https://api.semanticscholar.org/CorpusID:14569374}
}

@article{radcluster,
title={A Constrained Radial Agglomerative Clustering Algorithm for Efficient Structure From Motion},
author={Kun Sun and Wenbing Tao},
journal={IEEE Signal Processing Letters},
year={2018},
volume={25},
pages={1089-1093},
url={https://api.semanticscholar.org/CorpusID:49348499}
}

@article{block,
title={Block Partitioning and Merging for Processing Large-Scale Structure From Motion Problems in Distributed Manner},
author={Luping Lu and Yong Zhang and Kai Liu},
journal={IEEE Access},
year={2019},
volume={7},
pages={114400-114413},
url={https://api.semanticscholar.org/CorpusID:196183843}
}

@article{mipnerf,
title={Mip-NeRF: A Multiscale Representation for Anti-Aliasing Neural Radiance Fields},
author={Jonathan T. Barron and Ben Mildenhall and Matthew Tancik and Peter Hedman and Ricardo Martin-Brualla and Pratul P. Srinivasan},
journal={2021 IEEE/CVF International Conference on Computer Vision (ICCV)},
year={2021},
pages={5835-5844},
url={https://api.semanticscholar.org/CorpusID:232352655}
}

@article{meganerf,
title={Mega-NeRF: Scalable Construction of Large-Scale NeRFs for Virtual Fly- Throughs},
author={Haithem Turki and Deva Ramanan and Mahadev Satyanarayanan},
journal={2022 IEEE/CVF Conference on Computer Vision and Pattern Recognition (CVPR)},
year={2021},
pages={12912-12921},
url={https://api.semanticscholar.org/CorpusID:245334780}
}

@article{blocknerf,
title={Block-NeRF: Scalable Large Scene Neural View Synthesis},
author={Matthew Tancik and Vincent Casser and Xinchen Yan and Sabeek Pradhan and Ben Mildenhall and Pratul P. Srinivasan and Jonathan T. Barron and Henrik Kretzschmar},
journal={2022 IEEE/CVF Conference on Computer Vision and Pattern Recognition (CVPR)},
year={2022},
pages={8238-8248},
url={https://api.semanticscholar.org/CorpusID:246706356}
}

@misc{webglsplat,
author = {antimatter15},
title = {WebGL 3D Gaussian Splat Viewer},
year = {2023},
url = {https://github.com/antimatter15/splat},
note = {GitHub repository},
commit = {Merge pull request #16 from jkl3848/summay-key-lockout}
}

@article{colmap,
  title={ColMap: A memory-efficient occupancy grid mapping framework},
  author={Alex Fisher and Ricardo Cannizzaro and Madeleine Cochrane and Chatura V. D. Nagahawatte and Jennifer L. Palmer},
  journal={Robotics Auton. Syst.},
  year={2021},
  volume={142},
  pages={103755},
  url={https://api.semanticscholar.org/CorpusID:234802653}
}

@article{dssim,
  title={DSSIM: a structural similarity index for floating-point data},
  author={Allison H. Baker and Alexander Pinard and Dorit M. Hammerling},
  journal={ArXiv},
  year={2022},
  volume={abs/2202.02616},
  url={https://api.semanticscholar.org/CorpusID:246634654}
}

@article{bgraph,
  title={K-way spectral graph partitioning for load balancing in parallel computing},
  author={Shobha V. Patil and Dinesh B. Kulkarni},
  journal={International Journal of Information Technology},
  year={2021},
  volume={13},
  pages={1893 - 1900},
  url={https://api.semanticscholar.org/CorpusID:238654435}
}